@misc{factsheet,
      author = {{World Health Organisation}},
      title = "Visual impairment and blindness",
      year = "2013",
      url = "http://www.who.int/mediacentre/factsheets/fs282/en/"
}

@misc{stopForMe,
      author = "RNIB",
      title = "Stop for me, speak to me",
      year = "2012",
      url = "http://www.rnib.org.uk/getinvolved/campaign/gettingaround/Documents/Stop_for_me_speak_to_me_bus_campaign_report.pdf"
}
@misc{executive,
      author = {{Pey et al}},
      title = "Functionality and the Needs of Blind and Partially-Sighted Adults in the UK - Executive Summary",
      year = "2007"
}

@misc{shaping,
      author = "RNIB",
      title = "Shaping our future",
      year = "2012",
      url = "http://www.rnib.org.uk/aboutus/Documents/shaping_our_future_booklet.pdf"
}

@misc{smartphones,
    author = "Venkat Atluri and Umit Cakmak and Richard Lee and Shekhar Varanasi",
    title = "Making smartphones brilliant: Ten trends",
    year = "2012",
    url = "http://www.mckinsey.com/~/media/mckinsey/dotcom/client_service/High\%20Tech/PDFs/Making_smartphones_brilliant_March_2012.ashx"
}

@misc{edinbus,
      author = "Gordon Christie",
      title = "EdinBus - Lothian Buses Times In Edinburgh",
      year = "2009",
      url = "https://itunes.apple.com/gb/app/edinbus-lothian-buses-times/id324503614?mt=8"
}

@misc{lothian,
      author = {{Lothian Buses Inc.}},
      title = "Lothian Buses - official app for m-tickets and bus times",
      year = "2013",
      url = "https://itunes.apple.com/gb/app/lothian-buses-official-app/id570435211?ls=1\&mt=8"
}

@article{Praveen2013351,
    title = "Blind Navigation Assistance for Visually Impaired based on Local Depth Hypothesis from a Single Image ",
    journal = "Procedia Engineering ",
    volume = "64",
    number = "0",
    pages = "351 - 360",
    year = "2013",
    note = "International Conference on Design and Manufacturing (IConDM2013) ",
    issn = "1877-7058",
    doi = "http://dx.doi.org/10.1016/j.proeng.2013.09.107",
    url = "http://www.sciencedirect.com/science/article/pii/S1877705813016214",
    author = "R. Gnana Praveen and Roy P. Paily",
    keywords = "Canny Edge Detection",
    keywords = "Vanishing Point Estimation",
    keywords = "Obstacle Detection",
    keywords = "Depth Hypothesis",
    keywords = "Blind Navigation Assistance "
}

@article{percept,
    title = "PERCEPT Indoor Navigation System for the Blind and Visually Impaired: Architecture and Experimentation",
    journal = "Procedia Engineering",
    pages = "351 - 360",
    year = "2013",
    note = "International Conference on Design and Manufacturing (IConDM2013)",
    url = "http://www.hindawi.com/journals/ijta/2012/894869/cta/",
    author = "Aura Ganz and James Schafer and Siddhesh Gandhi and Elaine Puleo and Carole Wilson and Meg Robertson",
}

@misc{trekker,
      author = {{Humanware Inc.}},
      title = "Trekker Breeze with UK postal code package",
      year = "2012",
      url = "https://itunes.apple.com/gb/app/lothian-buses-official-app/id570435211?ls=1\&mt=8"
}

@incollection{metrobus,
    year={2011},
    isbn={978-3-642-19172-5},
    booktitle={Web and Wireless Geographical Information Systems},
    volume={6574},
    series={Lecture Notes in Computer Science},
    doi={10.1007/978-3-642-19173-2_9},
    title={A Mobile Navigation and Orientation System for Blind Users in a Metrobus Environment},
    url={http://dx.doi.org/10.1007/978-3-642-19173-2_9},
    publisher={Springer Berlin Heidelberg},
    keywords={Orientation Algorithm; mobile navigation; blind users},
    author={Mata, Felix and Jaramillo, Andres and Claramunt, Christophe},
    pages={94-108}
}
  
@inproceedings{voiceover,
    author = {Leporini, Barbara and Buzzi, Maria Claudia and Buzzi, Marina},
    title = {Interacting with Mobile Devices via VoiceOver: Usability and Accessibility Issues},
    booktitle = {Proceedings of the 24th Australian Computer-Human Interaction Conference},
    series = {OzCHI '12},
    year = {2012},
    isbn = {978-1-4503-1438-1},
    location = {Melbourne, Australia},
    pages = {339--348},
    numpages = {10},
    url = {http://doi.acm.org/10.1145/2414536.2414591},
    doi = {10.1145/2414536.2414591},
    acmid = {2414591},
    publisher = {ACM},
    address = {New York, NY, USA},
} 

@misc{barriers,
      author = {{W3C}},
      title = "Barriers Common to Mobile Device Users and People with Disabilities",
      year = "2012",
      url = "http://www.w3.org/WAI/mobile/experiences"
}

@misc{react,
      author = {{RNIB}},
      title = "RNIB React - your talking sign system",
      year = "2012",
      url = "http://www.rnib.org.uk/professionals/services/tactile/rnibreact/Pages/rnib_react.aspx"
}

@misc{fob,
    author = {{SFX Technologies}},
    title = "RF FOB - SP2",
    year = "2007",
    url = "http://www.sfxtechnologies.com/PDFs/RF_Fob_spec.pdf"
}

@misc{reactEdinburgh,
      author = {{RNIB}},
      title = "Case study - First ScotRail",
      year = "2012",
      url = "http://www.rnib.org.uk/professionals/services/tactile/rnibreact/Pages/rnib_react.aspx"
}

@misc{scotrail,
      author = {{ScotRail}},
      title = "On track for a positive 'react'-ion following investment from First ScotRail",
      year = "2007",
      url = "http://www.scotrail.co.uk/content/track-positive-react-ion-following-investment-first-scotrail"
}

@misc{royalBlindSchoolReact,
      author = "Stuart Lowrie",
      title = "Real-time passenger information in Edinburgh - Bustracker",
      year = "2012",
      url = "http://www.polisnetwork.eu/uploads/Modules/PublicDocuments/2010-12-Edinburgh.pdf"
}
@misc{ariadneGPS,
      author = {{Ariadne GPS}},
      title = "AriadneGPS - An innovative app for your mobility",
      year = "2014",
      url = "http://www.ariadnegps.eu/"
}

@misc{sendero,
      author = {{Sendero Group}},
      title = "Sendero GPS LookAround",
      year = "2012",
      url = "https://www.senderogroup.com/products/shopiphone.htm"
}

@misc{senderoSupport,
      author = {{Sendero Group}},
      title = "Sendero GPS LookAround Support \& Documentation",
      year = "2012",
      url = "https://www.senderogroup.com/products/shopiphone.htm"
}

@misc{blindsquare,
      author = {{BlindSquare}},
      title = "Real-time passenger information in Edinburgh - Bustracker",
      year = "2013",
      url = "http://blindsquare.com/press/"
}

@misc{scottalk,
      author = {{Travel Line}},
      title = "Scot Talk",
      month = "Dec",
      year = "2013",
      url = "https://itunes.apple.com/gb/app/scot-talk/id731367966?mt=8"
}

@misc{hciPrinciples,
      author = "Dr Mark Wright",
      title = "Human Computer Interaction - Lecture 1",
      year = "2012",
      url = "http://www.inf.ed.ac.uk/teaching/courses/hci/1213/lecs/Lecture01_Principles_201213.pdf"
}

@misc{wonder,
    author = "Stevie Wonder",
    year = "2011",
    url = "https://www.youtube.com/watch?v=O2Tkj8SIHMU\#t=279"
}

@misc{appleVOGuidelines,
      author = {{Apple Inc.}},
      title = "Accessibility Programming Guide for iOS - Supply Accurate and Helpful Attribute Information",
      year = "2012",
      url = "https://developer.apple.com/library/ios/documentation/userexperience/conceptual/iPhoneAccessibility/Making_Application_Accessible/Making_Application_Accessible.html\#/apple_ref/doc/uid/TP40008785-CH102-SW6"
}

@misc{gpsFeasibility,
      author = "Tracy Anderson and Varunie Abeywardana and Jean Wolf and Michelle Lee",
      title = "National Travel Survey - GPS Feasibility Study (Final Report)",
      year = "2013",
      url = "https://www.gov.uk/government/uploads/system/uploads/attachment_data/file/230570/NTS_GPS_Feasibility_Study_Final_Report.pdf"
}

@misc{gpsAccuracy,
      author = "Paul A Zandbergen",
      title = "Accuracy of iPhone Locations: A Comparison of Assisted GPS, WiFi and Cellular Positioning",
      year = "2009",
      url = "http://www.globe.gov/documents/2631933/6965868/42534991.pdf"
}

@misc{gpsCity,
      author = "John D. Riley",
      title = "Evaluation of Travel Time Estimates Derived From Automatic Vehicle Identification Tags in San Antonio, TX",
      year = "1999",
      url = "http://www.globe.gov/documents/2631933/6965868/42534991.pdf"
}

@article{infer,
  added-at = {2012-12-06T00:00:00.000+0100},
  author = {Bolbol, Adel and Cheng, Tao and Tsapakis, Ioannis and Haworth, James},
  biburl = {http://www.bibsonomy.org/bibtex/20384ac1f2fadd544b58002639b1754d0/dblp},
  ee = {http://dx.doi.org/10.1016/j.compenvurbsys.2012.06.001},
  interhash = {8aea40ea1024783527a45ec17ab4d59a},
  intrahash = {0384ac1f2fadd544b58002639b1754d0},
  journal = {Computers, Environment and Urban Systems},
  keywords = {dblp},
  number = 6,
  pages = {526-537},
  timestamp = {2012-12-06T00:00:00.000+0100},
  title = {Inferring hybrid transportation modes from sparse GPS data using a moving window SVM classification.},
  url = {http://dblp.uni-trier.de/db/journals/urban/urban36.html\#BolbolCTH12},
  volume = 36,
  year = 2012
}

@article{simEye,
  author = "{F}ink, {W}olfgang and {M}icol, {D}aniel ",
  year = "2006",
  title = "sim{E}ye: computer-based simulation of visual perception under various eye defects using {Z}ernike polynomials",
  journal = "{J}ournal of {B}iomedical {O}ptics",
  month = "{O}ctober",
  volume = "11",
  number = "5",
  pages = "054011(12)",
  publisher = "{S}{P}{I}{E}",
  keywords = "visual perception; vision defects; {Z}ernike polynomials; ray tracing; medical computing; eye; bio-optics; computer animation",
}

@misc{astigmatism,
  author = {{National Health Service}},
  year = "2014",
  title = "Astigmatism",
  url = "http://www.nhs.uk/conditions/astigmatism/Pages/Introduction.aspx"
}

@misc{bank,
    author = "Saadet S. Cetin",
    title = "Recognition of Scottish Banknotes for the Blind and Partially-Sighted",
    year = "2013"
}

@article{wayfinding,
    author = {Passini, Romedi and Proulx, Guyltne}, 
    title = {Wayfinding without Vision: An Experiment with Congenitally Totally Blind People},
    volume = {20}, 
    number = {2}, 
    pages = {227-252}, 
    year = {1988}, 
    doi = {10.1177/0013916588202006}, 
    URL = {http://eab.sagepub.com/content/20/2/227.abstract}, 
    eprint = {http://eab.sagepub.com/content/20/2/227.full.pdf+html}, 
    journal = {Environment and Behavior} 
}

@misc{neatebox,
    author = "Gavin Neate",
    title = "The Guide Dog Owner Experience - Neatebox",
    year = "2014",
    url = "http://neatebox.com/products/pedestrian-neatebox/"
}

@misc{sightProblemsGuide,
    author = "RNIB",
    title = "Sight Problems Guide",
    year = "2013",
    url = "http://www.rnib.org.uk/livingwithsightloss/Documents/sight_problems_guide.pdf"
}

@misc{whoVisualImpairment,
    author = "Ananya Mandal",
    title = "Types of visual impairment",
    year = "2012",
    url = "http://www.news-medical.net/health/Types-of-visual-impairment.aspx"
}

@misc{aoa,
    author = {{American Optometric Association}},
    title = "Care of the patient with Visual Impairment",
    year = "2010",
    url = "http://www.aoa.org/documents/optometrists/CPG-14.pdf"
}

@misc{eyesmart,
    author = {{American Optometric Association}},
    title = "What Are Cataracts?",
    year = "2012",
    url = "http://www.geteyesmart.org/eyesmart/diseases/cataracts/index.cfm"
}

@misc{webaim,
    author = {{Web Accessibility In Mind}},
    year = "2014",
    title = "Visual Disabilities",
    url = "http://webaim.org/articles/visual/"
}

@misc{webaimLowVision,
    author = {{Web Accessibility In Mind}},
    year = "2014",
    title = "Visual Disabilities",
    url = "http://webaim.org/articles/visual/lowvision"
}

@misc{icd,
    author = "WHO",
    year = "2010",
    title = "The International Classification of Diseases",
    url = "http://apps.who.int/classifications/icd10/browse/2010/en\#/H54.2"
}

@misc{iceCream,
    author = {{Google inc.}},
    year = "2012",
    title = "Ice Cream Sandwich",
    url = "http://developer.android.com/about/versions/android-4.0-highlights.html"
}
@misc{androidVersions,
    author = {{Google inc.}},
    year = "2014",
    title = "Dashboards",
    url = "http://developer.android.com/about/dashboards/index.html"
}

@misc{android4,
    author = {{Google inc.}},
    year = "2012",
    title = "Android 4.0 APIs",
    url = "http://developer.android.com/about/versions/android-4.0.html"
}

@misc{androidDistribution,
    author = {{Google inc.}},
    year = "2013",
    title = "Android historical version distribution",
    url = "http://developer.android.com/about/versions/android-4.0.html"
}

@misc{ios3,
    author = {{Apple inc.}},
    year = "2010",
    title = "iOS 3.0 API Diffs",
    url = "https://developer.apple.com/library/ios/releasenotes/General/iPhone30APIDiffs/index.html\#//apple_ref/doc/uid/TP40008401"
}

@misc{appleDistribution,
    author = {{Apple inc.}},
    year = "2014",
    title = "App Store Distribution",
    url = "https://developer.apple.com/support/appstore/"
}
@misc{useCases,
    author = "Ruth Malan and Dana Bredemeyer",
    title = "Functional Requirements and Use Cases",
    year = "1999",
    url = "http://www.bredemeyer.com/pdf_files/functreq.pdf"
}

@misc{ec2,
    author = {{Amazon inc.}},
    title = "Amazon EC2",
    year = "2014",
    url = "http://aws.amazon.com/ec2/?nc1=h_l2_cn"
}

@misc{freeAWS,
    author = {{Amazon inc.}},
    title = "AWS Free Usage Tier",
    year = "2012",
    url = "http://aws.amazon.com/free/"
}

@misc{elasticIP,
    author = {{Amazon inc.}},
    title = "Feature Guide: Amazon EC2 Elastic IP Addresses",
    year = "2012",
    url = "http://aws.amazon.com/ec2/?nc1=h_l2_cn"
}

@misc{formativeEval,
    author = "Deborah Hix and H. Rex Hartson",
    title = "Formative Evaluation: Ensuring Usability in User Interfaaces",
    year = "1992",
    url = "http://eprints.cs.vt.edu/archive/00000340/01/TR-92-60.pdf"
} 

@misc{coreData,
    author = {{Apple Inc.}},
    title = "Core Data Programming Guide",
    year = "2014",
    url = "https://developer.apple.com/library/ios/documentation/Cocoa/Conceptual/CoreData/cdProgrammingGuide.html"
} 


@misc{coreLocation,
    author = {{Apple Inc.}},
    title = "Location and Maps Programming Guide",
    year = "2014",
    url = "https://developer.apple.com/library/ios/documentation/userexperience/conceptual/LocationAwarenessPG/CoreLocation/CoreLocation.html"
}

@misc{iSimulator,
    author = {{Canadian National Institute for the Blind}},
    title = "EyeSimulator",
    year = "2013",
    url = "http://www.cnib.ca/en/your-eyes/eye-conditions/eye-connect/Pages/EyeSimulator.aspx"
}

@misc{voGestures,
    author = {{Apple inc.}},
    title = "iPhone User Guide",
    year = "2014",
    url = "http://manuals.info.apple.com/MANUALS/1000/MA1565/en_US/iphone_user_guide.pdf"
}

@misc{lothianWiFi,
    author = {{Lothian Buses}},
    title = "Wi-Fi on our buses",
    year = "2013",
    url = "http://lothianbuses.com/customer-services/wi-fi"
}

@misc{funkaNu,
    author = {{Funka Nu}},
    year = "2012",
    title = "Guidelines for the development of accessible mobile interfaces",
    url = "http://www.funkanu.com/PageFiles/9429/Guidelines_for_the_development_of_accessible_mobile_interfaces.pdf"
}

@misc{marketShare,
    author = {{ABI Research}},
    title = "Q4 2013 Smartphone OSResults",
    year = "2014",
    url = "https://www.abiresearch.com/press/q4-2013-smartphone-os-results-is-google-losing-con"
}
